@article{bowen2023applying,
  title={{A}pplying {E}quity {A}wareness in {S}tatistical {D}ata {P}rivacy {T}akes a {V}illage},
  author={\textbf{Bowen, CMK.} and Snoke, Joshua},
  journal={Amstat News},
  publisher={American Statistical Association},
  year={2023}
}

@article{auerbach2023asa,
  title={{ASA, GMU Team on Project to Assess Health of Federal Statistical Agencies}},
  author={Auerbach, J. and \textbf{Bowen, CMK.} and Citro, C. and Pierson, S. and Potok, N.},
  journal={Amstat News},
  publisher={American Statistical Association},
  year={2023}
}   

@article{messner2022spotlight,
  title={{Spotlight on the Government Statistics Section of the American Statistical Association}},
  author={Messner, Michael and \textbf{Bowen, CMK.}},
  journal={CHANCE},
  volume={35},
  number={3},
  pages={4--8},
  year={2022},
  publisher={Taylor \& Francis}
}

@article{hu2022prescribing,
  title={{Prescribing Privacy: Human and Computational Resource Limitations and What Statisticians and Data Scientists Can Do}},
  author={Hu, Jingchen and \textbf{Bowen, CMK.}},
  journal={Amstat News},
  publisher={American Statistical Association},
  year={2022}
}  

@article{bowen2022sdss,
  title={{SDSS 2022: Connecting and Influencing Our Society}},
  author={\textbf{Bowen, CMK.}},
  journal={Amstat News},
  publisher={American Statistical Association},
  year={2022}
}  
    
@article{bowen2022how,
  title={{How Data4Kids Helps Students Log on to Learn}},
  author={\textbf{Bowen, CMK.} and Schwabish, Jonathan},
  journal={Data@Urban},
  publisher={Urban Institute},
  year={2022}
}

@article{bowen2022beyond,
  title={{Beyond Big Data: Supporting Students and Early-Career Professionals}},
  author={\textbf{Bowen, CMK.}},
  journal={Amstat News},
  publisher={American Statistical Association},
  year={2022}
}  

@article{bowen2022art,
  title={The art of data privacy},
  author={\textbf{Bowen, CMK.}},
  journal={Significance},
  volume={19},
  number={1},
  pages={14--19},
  year={2022}
}

@article{bowen2021analyzing,
  title={{Analyzing the Quality of 2020 Census: Understanding the US Population Puzzle}},
  author={\textbf{Bowen, CMK.}},
  journal={Data@Urban},
  publisher={Urban Institute},
  year={2021}
}

@article{bowen2021talks,
  title={{Claire McKay Bowen Talks Data Privacy}},
  author={\textbf{Bowen, CMK.}},
  journal={Amstat News},
  publisher={American Statistical Association},
  year={2021}
}  

@article{bowen2021utility,
  title={{Utility Metrics for Differential Privacy: No One-Size-Fits-All}},
  author={\textbf{Bowen, CMK.}},
  journal={Differential Privacy: NIST Blog Series},
  publisher={NIST},
  year={2021}
}
    
@article{bowen2021data,
  title={{Data Science and Statistics Influencing Science, Technology, and Society}},
  author={\textbf{Bowen, CMK.}},
  journal={Amstat News},
  publisher={American Statistical Association},
  year={2021}
}  
    
@article{bowen2021sailing,
  title={{Sailing Your Own Path: An Interview with Jeri Mulrow}},
  author={\textbf{Bowen, CMK.}},
  journal={Amstat News},
  publisher={American Statistical Association},
  year={2021}
}  

@article{bowen2021star,
  title={{Star Statisticians Offer Career Advancement Advice}},
  author={\textbf{Bowen, CMK.}},
  journal={Amstat News},
  publisher={American Statistical Association},
  year={2021}
}  
    
@article{martinez2021shaping,
  title={{Beyond Big Data: Shaping the Future - SDSS 2021}},
  author={Martinez, W. and \textbf{Bowen, CMK.} and LaLonde, D.},
  journal={Amstat News},
  publisher={American Statistical Association},
  year={2021}
}  

@article{bowen2021committee,
  title={{Committee on Career Development Announces Initiative Lineup}},
  author={\textbf{Bowen, CMK.} and Mannshardt, Elizabeth},
  journal={Amstat News},
  publisher={American Statistical Association},
  year={2021}
}  

@article{bowen2021bike,
  title={{How data privacy methods can hide the real data story}},
  author={\textbf{Bowen, CMK.}},
  journal={Statisticians React to the News},
  publisher={International Statistical Institute},
  year={2021}
}
  
@article{bowen2021advance,
  title={{To Advance Racial Equity, Releasing Disaggregated Data while Protecting Privacy Will Be Key}},
  author={\textbf{Bowen, CMK.} and Williams, Aaron R. and Narayanan, Ajjit},
  journal={Urban Wire},
  publisher={Urban Institute},
  year={2021}
}

@article{brown2021federal,
  title={{How the Federal Government Can Use Data to Make the Most of the Executive Order on Racial Equity}},
  author={Brown, S. and MacDonald, Graham and \textbf{Bowen, CMK.}},
  journal={Urban Wire},
  publisher={Urban Institute},
  year={2020}
}

@article{bowen2020bike,
  title={To bike or not to bike...in a group?},
  author={\textbf{Bowen, CMK.}},
  journal={Statisticians React to the News},
  publisher={International Statistical Institute},
  year={2020}
}

@article{bowen2020story,
  title={{My ASA Story}},
  author={\textbf{Bowen, CMK.}},
  journal={Amstat News},
  publisher={American Statistical Association},
  year={2020}
}  

@article{chase2020panel,
  title={{Panel Shares Advice on Applying for NSF Fellowships}},
  author={Chase, Elizabeth and \textbf{Bowen, CMK.} and Director, H. and Baladandayuthapani, V. and Pierson, S.},
  journal={Amstat News},
  publisher={American Statistical Association},
  year={2020}
}

@article{bowen2020committee,
  title={{Committee on Career Development Holds Virtual Office Hours with Experts}},
  author={\textbf{Bowen, CMK.} and Mannshardt, Elizabeth},
  journal={STAT tr@k News},
  publisher={American Statistical Association},
  year={2020}
}

@article{bowen2020reaching,
  title={{Reaching Your Networking Peak: A Guided Networking Session at JSM}},
  author={\textbf{Bowen, CMK.} and Mannshardt, Elizabeth},
  journal={Amstat News},
  publisher={American Statistical Association},
  year={2020}
}

@article{bowen2020census,
  title={{Will the Census Bureau's data privacy efforts erase rural America?}},
  author={\textbf{Bowen, CMK.}},
  journal={Urban Wire},
  publisher={Urban Institute},
  year={2020}
}

@article{snoke2019differential,
  title={{Differential Privacy: What Is It?}},
  author={Snoke, Joshua and \textbf{Bowen, CMK.}},
  journal={Amstat News},
  number={501},
  pages={26--28},
  year={2019},
  publisher={American Statistical Association}
}