@misc{bowen2021protecting,
  title={Protecting your privacy in a data-driven world},
  author={\textbf{Bowen, CMK.}},
  year={2021},
  publisher={CRC Press}
}