
% 2024
@article{williams2023disclosing,
  title={{Disclosing Economists' Privacy Perspectives: A Survey of American Economic Association Members' Views on Differential Privacy and the Usability of Noise-Infused Data}},
  author={Williams, Aaron R. and Snoke, Joshua and \textbf{Bowen, CMK.} and Barrientos, Andr{\'e}s F},
  journal={Harvard Data Science Review},
  number={just-accepted},
  year={2024}
}

@article{snoke2023incompatibilities,
  title={{Incompatibilities Between Current Practices in Statistical Data Analysis and Differential Privacy}},
  author={Snoke, Joshua and \textbf{Bowen, CMK.} and Williams, Aaron R. and Barrientos, Andr{\'e}s F},
  journal={Journal of Privacy and Confidentiality},
  number={just-accepted},
  year={2024}
}

@article{bowen2024government,
  title={Government Data of the People, by the People, for the People: Navigating Citizen Privacy Concerns},
  author={\textbf{Bowen, CMK.}},
  journal={Journal of Economic Perspectives},
  volume={38},
  number={2},
  pages={181--200},
  year={2024},
  publisher={American Economic Association 2014 Broadway, Suite 305, Nashville, TN 37203-2418},
  doi = {10.1257/jep.38.2.181}
}

@article{barrientos2024feasibility,
  title={A Feasibility Study of Differentially Private Summary Statistics and Regression Analyses with Evaluations on Administrative and Survey Data},
  author={Barrientos, Andr{\'e}s F and Williams, Aaron R. and Snoke, Joshua and \textbf{Bowen, CMK.}},
  journal={Journal of the American Statistical Association},
  volume={119},
  number={545},
  pages={52--65},
  year={2024},
  publisher={Taylor \& Francis}
}

@article{hu2023advancing,
  title={{Advancing microdata privacy protection: A review of synthetic data methods}},
  author={Hu, Jingchen and \textbf{Bowen, CMK.}},
  journal={Wiley Interdisciplinary Reviews: Computational Statistics},
  year = {2024},
  pages={e1636},
  publisher={Wiley Online Library},
  doi = {10.1002/wics.1636}
}

% 2023
@article{bowen2023response,
author = {\textbf{Bowen, CMK.} },
title = {The Autonomy Gap: Response to Citro et al. and the statistical community},
journal = {Statistics and Public Policy},
volume = {10},
number = {1},
pages = {2221324},
year = {2023},
publisher = {Taylor & Francis},
doi = {10.1080/2330443X.2023.2221324}
}

@article{bowen_grosskopf_2023,
    author = {\textbf{Bowen, CMK.} and Grosskopf, Michael J.},
    title = {{Editorial: Symposium Data Science and Statistics 2022}},
    journal = {Journal of Data Science},
    volume = {21},
    number = {2},
    year = {2023},
    pages = {173--176},
    doi = {10.6339/23-JDS212EDI},
    issn = {1680-743X},
    publisher = {School of Statistics, Renmin University of China}
}

@article{williams2023promise,
  title={The promise and limitations of formal privacy},
  author={Williams, Aaron R. and \textbf{Bowen, CMK.}},
  journal={Wiley Interdisciplinary Reviews: Computational Statistics},
  pages={e1615},
  year={2023},
  publisher={Wiley Online Library},
  doi = {10.1002/wics.1615}
}

% 2022
@inproceedings{bowen2022syntheticb,
  title={{Synthetic Individual Income Tax Data: Methodology, Utility, and Privacy Implications}},
  author={\textbf{Bowen, CMK.} and Bryant, Victoria and Burman, Leonard and Czajka, John and Khitatrakun, Surachai and MacDonald, Graham and McClelland, Robert and Mucciolo, Livia and Pickens, Madeline and Ueyama, Kyle and others},
  booktitle={{Privacy in Statistical Databases: International Conference, PSD 2022, Paris, France, September 21--23, 2022, Proceedings}},
  pages={191--204},
  year={2022},
  organization={Springer International Publishing Cham}
}

@article{bowen2022synthetica,
  title={{Synthetic Individual Income Tax Data: Promises and Challenges}},
  author={\textbf{Bowen, CMK.} and Bryant, Victoria L and Burman, Leonard and Khitatrakun, Surachai and McClelland, Robert and Mucciolo, Livia and Pickens, Madeline and Williams, Aaron R.},
  journal={National Tax Journal},
  volume={75},
  number={4},
  pages={767--790},
  year={2022},
  publisher={The University of Chicago Press}
}

@article{youngs2022expectations,
  title={{Expectations for the 2020 Decennial Census and How They Stood Up to Scrutiny.}},
  author={Youngs, Isabel and Dick, Christopher and Prevost, Ronald and \textbf{Bowen, CMK.}},
  journal={International Journal of Population Data Science},
  volume={7},
  number={3},
  year={2022},
  publisher={Swansea University},
  doi={10.23889/ijpds.v7i3.2030}
}

@article{liu2022differentially,
  title={{Differentially Private Synthesis and Sharing of Network Data Via Bayesian Exponential Random Graph Models}},
  author={Liu, Fang and Eugenio, Evercita C and Jin, Ick Hoon and \textbf{Bowen, CMK.}},
  journal={Journal of Survey Statistics and Methodology},
  volume={10},
  number={3},
  pages={753--784},
  year={2022},
  publisher={Oxford University Press},
  doi={10.1093/jssam/smac017}
}

@article{garfinkel2022preserving,
  title={{Preserving Privacy While Sharing Data}},
  author={Garfinkel, Simson L and \textbf{Bowen, CMK.}},
  journal={MIT Sloan Management Review},
  volume={63},
  number={3},
  pages={1--4},
  year={2022},
  publisher={Massachusetts Institute of Technology, Cambridge, MA}
}

@article{schwabish2022data4kids,
  title={{Data4kids: A collaborative project to teach kids about data}},
  author={Schwabish, Jonathan and \textbf{Bowen, CMK.}},
  journal={Nightingale-Journal of the Data Visualization Society.},
  volume={16},
  number={05},
  pages={2022},
  year={2022}
}

% 2021
@article{bowen2021philosophy,
  title={{Philosophy of differential privacy}},
  author={\textbf{Bowen, CMK}. and Garfinkel, Simson},
  journal={Notices of the American Mathematical Society},
  volume={68},
  number={10},
  year={2021},
  doi={10.1090/noti2363}
}
@article{bowen2021differentially,
  title={{Differentially Private Data Release via Statistical Election to Partition Sequentially}},
  author={\textbf{Bowen, CMK.} and Liu, Fang and Su, Bingyue},
  journal={METRON},
  issue={79},
  pages = {1 -- 31},
  year={2021},
  doi={10.1007/s40300-021-00201-0}
}

@article{bowen2021comparative,
  title={{Comparative Study of Differentially Private Synthetic Data Algorithms from the NIST PSCR Differential Privacy Synthetic Data Challenge}},
  author={\textbf{Bowen, CMK.} and Snoke, Joshua},
  journal={Journal of Privacy and Confidentiality},
  volume={11},
  number={1},
  year={2021},
  doi={10.29012/jpc.748}
}

%  2020
@article{snoke2020statisticians,
  title={{How statisticians should grapple with privacy in a changing data landscape}},
  author={Snoke, Joshua and \textbf{Bowen, CMK.}},
  journal={Chance},
  volume={33},
  number={4},
  pages={6--13},
  year={2020},
  publisher={Taylor \& Francis},
  doi={10.1080/09332480.2020.1847947}
}

@inproceedings{bowen2020synthetic,
  title={{A synthetic supplemental public use file of low-income information return data: methodology, utility, and privacy implications}},
  author={\textbf{Bowen, CMK.} and Bryant, Victoria and Burman, Leonard and Khitatrakun, Surachai and McClelland, Robert and Stallworth, Philip and Ueyama, Kyle and Williams, Aaron R.},
  booktitle={{Privacy in Statistical Databases: UNESCO Chair in Data Privacy, International Conference, PSD 2020, Tarragona, Spain, September 23--25, 2020, Proceedings}},
  pages={257--270},
  year={2020},
  organization={Springer International Publishing}
}

@inproceedings{liu2020differentially,
  title={{Differentially private generation of social networks via exponential random graph models}},
  author={Liu, Fang and Eugenio, Evercita and Jin, Ick Hoon and \textbf{Bowen, CMK.}},
  booktitle={{2020 IEEE 44th Annual Computers, Software, and Applications Conference (COMPSAC)}},
  pages={1695--1700},
  year={2020},
  organization={IEEE},
  doi={10.1109/COMP-SAC48688.2020}
}

@article{bowen2020comparative,
  title={{Comparative study of differentially private data synthesis methods}},
  author={\textbf{Bowen, CMK.} and Liu, Fang},
  journal={Statistical Science},
  volume={35},
  number={2},
  pages={280--307},
  year={2020},
  publisher={Institute of Mathematical Statistics},
  doi={10.1214/19-STS742}
}

% 2019
@inproceedings{bowen2019solar,
  title={{Do Solar Proton Events Reduce the Number of Faults in Supercomputers?: A Comparative Analysis of Faults During and without Solar Proton Events}},
  author={\textbf{Bowen, CMK.} and DeBardeleben, Nathan and Blanchard, Sean and Anderson-Cook, Christine},
  booktitle={{2019 IEEE International Reliability Physics Symposium (IRPS)}},
  pages={1--5},
  year={2019},
  organization={IEEE}
}

% 2017
@article{bowen2017s,
  title={{Where's Wenda: An Activity on Teaching Middle School Students Data Privacy}},
  author={\textbf{Bowen, CMK.} and Eugenio, Evercita},
  journal={Statistics Teacher},
  volume={1},
  number={1},
  year={2017}
}

% 2016
@article{myers2016partitioning,
  title={{Partitioning a large simulation as it runs}},
  author={Myers, Kary and Lawrence, Earl and Fugate, Michael and \textbf{Bowen, CMK.} and Ticknor, Lawrence and Woodring, Jon and Wendelberger, Joanne and Ahrens, Jim},
  journal={Technometrics},
  volume={58},
  number={3},
  pages={329--340},
  year={2016},
  publisher={Taylor \& Francis},
  doi={10.1080/00401706.2016.1158740}
}

%  2015
@article{bowen2015more,
  title={{Are more of my patients developing side effects than expected?}},
  author={\textbf{Bowen, CMK.} and Liu, Fang and Wheeler, James},
  journal={Practical Radiation Oncology},
  volume={5},
  number={3},
  pages={e255--e261},
  year={2015},
  publisher={Elsevier},
  doi={10.1016/j.prro.2014.10.007}
}

