@article{hu2023advancing,
  title={{Advancing Microdata Privacy Protection: A Review of Synthetic Data}},
  author={Hu, Jingchen and \textbf{Bowen, CMK.}},
  year={2023}
}

@article{williams2023disclosing,
  title={{Disclosing Economists' Privacy Perspectives: A Survey of American Economic Association Members on Differential Privacy and Data Fitness for Use Standards}},
  author={Williams, Aaron R. and Snoke, Joshua and \textbf{Bowen, CMK.} and Barrientos, Andres F},
  year={2023}
}

@article{snoke2023incompatibilities,
  title={{Incompatibilities Between Current Practices in Statistical Data Analysis and Differential Privacy}},
  author={Snoke, Joshua and \textbf{Bowen, CMK.} and Williams, Aaron R. and Barrientos, Andres F},
  year={2023}
}

@article{barrientos2021feasibility,
  title={{A Feasibility Study of Differentially Private Summary Statistics and Regression Analyses with Evaluations on Administrative and Survey Data}},
  author={Barrientos, Andres F and Williams, Aaron R. and Snoke, Joshua and \textbf{Bowen, CMK.}},
  journal={arXiv preprint arXiv:2110.12055},
  year={2021}
}