@article{ko2023public,
  title={{Public Comment on initial proposals from the Federal Interagency Technical Working Group on Race and Ethnicity Standards for revising OMB's 1997 Statistical Policy Directive No. 15}},
  author={Ko, Rita and Balu, Rekha and \textbf{Bowen, CMK.} and DeRuiter-Williams, Danielle and Frederick, Rejane and Pindus, Nancy M and Sawo, Marokey and Stern, Alena and Schwabish, Jonathan and Triplett, Timothy and others},
  year={2023},
  journal={Urban Institute}
}

@article{bowen2023no,
  title={{Do No Harm Guide: Applying Equity Awareness In Data Privacy Methods}},
  author={\textbf{Bowen, CMK.} and Snoke, Joshua},
  year={2023},
  journal={Urban Institute}
}

@article{bowen2022decennial,
  title={{Decennial Disclosure}},
  author={\textbf{Bowen, CMK.} and Williams, Aaron and Pickens, Madeline},
  year={2022},
  journal={Urban Institute}
}

@article{morrison2022internet,
  title={{Internet First or Internet Choice? Identifying Factors to Predict Low Self-Response Rates on the 2020 Census}},
  author={Morrison, Gabriel and \textbf{Bowen, CMK.}},
  year={2022},
  journal={Urban Institute}
}

@article{barrientos2021differentially,
  title={{Differentially Private Methods for Validation Servers}},
  author={Barrientos, Andres F and Williams, Aaron and Snoke, Joshua and \textbf{Bowen, CMK.}},
  year={2021},
  journal={Urban Institute}
}

@article{taylor2021privacy,
  title={{A Privacy-Preserving Validation Server Prototype}},
  author={Taylor, Silke and MacDonald, Graham and Ueyama, Kyle and \textbf{Bowen, CMK.}},
  journal={Urban Institute},
  year={2021}
}

@article{bowen2021personal,
  title={{Personal Privacy and the Public Good: Balancing Data Privacy and Data Utility}},
  author={\textbf{Bowen, CMK.}},
  year={2021},
  journal={Urban Institute}
}

@article{bowen2021using,
  title={{Using Differential Privacy to Advance Rural Economic Development: Applying Data Privacy and Confidentiality Methods to Industry Employment Data}},
  author={\textbf{Bowen, CMK.} and Narayanan, Ajjit and Scally, Corianne Payton},
  journal={Urban Institute},
  year={2021}
}

@inproceedings{bowen2020report,
  title={{A Synthetic Supplemental Public-Use File of Low-Income Information Return Data: Methodology, Utility, and Privacy Implications}},
  author={\textbf{Bowen, CMK.} and Bryant, Victoria and Burman, Leonard and Khitatrakun, Surachai and MacDonald, Graham and McClelland, Robert and Stallworth, Philip and Ueyama, Kyle and Williams, Aaron and Zwiefel, Noah},
  year={2020},
  journal={Urban Institute}
}

@article{bowen2016nsf,
  title={{NSF GRIP Report: American Community Survey Simulation Study}},
  author={\textbf{Bowen, CMK.}},
  journal={U.S. Census Bureau},
  year={2016}
}
